@book{eysenck2015cognitive,
  title={Cognitive psychology: A student's handbook},
  author={Eysenck, Michael W and Keane, Mark T},
  year={2015},
  publisher={Psychology press}
}

@ARTICLE {8452062,
author = {M. D. Schuster},
journal = {Computing in Science & Engineering},
title = {The Heat Equation: High-Performance Scientific Computing Case Study},
year = {2018},
volume = {20},
number = {05},
issn = {1521-9615},
pages = {114-127},
keywords = {mathematical model;instruction sets;heating systems;parallel processing;runtime;task analysis},
doi = {10.1109/MCSE.2018.05329820},
publisher = {IEEE Computer Society},
address = {Los Alamitos, CA, USA},
month = {sep}
}



@article{krizhevsky2014cifar,
  title={The CIFAR-10 dataset},
  author={Krizhevsky, Alex and Nair, Vinod and Hinton, Geoffrey},
  journal={online: \url{http://www.cs.toronto.edu/~kriz/cifar.html}},
  volume={55},
  year={2014}
}

@techreport{krizhevsky2009learning,
  title={Learning multiple layers of features from tiny images},
  author={Krizhevsky, Alex and Hinton, Geoffrey},
  year={2009},
  institution={Citeseer}
}

@inproceedings{nair2010rectified,
  title={Rectified linear units improve restricted boltzmann machines},
  author={Nair, Vinod and Hinton, Geoffrey E},
  booktitle={Proceedings of the 27th international conference on machine learning (ICML-10)},
  pages={807--814},
  year={2010}
}

@inproceedings{glorot2010understanding,
  title={Understanding the difficulty of training deep feedforward neural networks},
  author={Glorot, Xavier and Bengio, Yoshua},
  booktitle={Proceedings of the thirteenth international conference on artificial intelligence and statistics},
  pages={249--256},
  year={2010}
}

@article{szegedy2014going,
  title={Going deeper with convolutions, CoRR abs/1409.4842},
  author={Szegedy, C and Liu, W and Jia, Y and Sermanet, P and Reed, S and Anguelov, D and Erhan, D and Vanhoucke, V and Rabinovich, A},
  journal={URL http://arxiv. org/abs/1409.4842},
  year={2014}
}

@article{szegedy2015rethinking,
  title={Rethinking the inception architecture for computer vision. arXiv 2015},
  author={Szegedy, Christian and Vanhoucke, Vincent and Ioffe, Sergey and Shlens, Jonathon and Wojna, Zbigniew},
  journal={arXiv preprint arXiv:1512.00567},
  volume={1512},
  year={2015}
}

@inproceedings{salimans2016weight,
  title={Weight normalization: A simple reparameterization to accelerate training of deep neural networks},
  author={Salimans, Tim and Kingma, Durk P},
  booktitle={Advances in Neural Information Processing Systems},
  pages={901--909},
  year={2016}
}

@inproceedings{hoffer2018norm,
  title={Norm matters: efficient and accurate normalization schemes in deep networks},
  author={Hoffer, Elad and Banner, Ron and Golan, Itay and Soudry, Daniel},
  booktitle={Advances in Neural Information Processing Systems},
  pages={2160--2170},
  year={2018}
}

@article{chen2017rethinking,
  title={Rethinking atrous convolution for semantic image segmentation},
  author={Chen, Liang-Chieh and Papandreou, George and Schroff, Florian and Adam, Hartwig},
  journal={arXiv preprint arXiv:1706.05587},
  year={2017}
}

@article{kingma2014adam,
  title={Adam: A method for stochastic optimization},
  author={Kingma, Diederik P and Ba, Jimmy},
  journal={arXiv preprint arXiv:1412.6980},
  year={2014}
}

@article{bengio2012difficulty,
  title={On the difficulty of training recurrent neural networks},
  author={Bengio, Y and Pascanu, R},
  journal={ARXIV [online], November},
  year={2012}
}

@article{ruder2016overview,
  title={An overview of gradient descent optimization algorithms},
  author={Ruder, Sebastian},
  journal={arXiv preprint arXiv:1609.04747},
  year={2016}
}

@article{huber1964robust,
  title={Robust estimation of a location parameter},
  author={Huber, Peter J},
  journal={The annals of mathematical statistics},
  pages={73--101},
  year={1964},
  publisher={JSTOR}
}

@article{mnih2015human,
  title={Human-level control through deep reinforcement learning},
  author={Mnih, Volodymyr and Kavukcuoglu, Koray and Silver, David and Rusu, Andrei A and Veness, Joel and Bellemare, Marc G and Graves, Alex and Riedmiller, Martin and Fidjeland, Andreas K and Ostrovski, Georg and others},
  journal={Nature},
  volume={518},
  number={7540},
  pages={529},
  year={2015},
  publisher={Nature Publishing Group}
}

@article{ioffe2015batch,
  title={Batch normalization: Accelerating deep network training by reducing internal covariate shift},
  author={Ioffe, Sergey and Szegedy, Christian},
  journal={arXiv preprint arXiv:1502.03167},
  year={2015}
}

@inproceedings{abadi2016tensorflow,
  title={TensorFlow: A System for Large-Scale Machine Learning.},
  author={Abadi, Mart{\'\i}n and Barham, Paul and Chen, Jianmin and Chen, Zhifeng and Davis, Andy and Dean, Jeffrey and Devin, Matthieu and Ghemawat, Sanjay and Irving, Geoffrey and Isard, Michael and others},
  booktitle={OSDI},
  volume={16},
  pages={265--283},
  year={2016}
}